<?xml version="1.0" encoding="UTF-8"?><collection xmlns="http://www.loc.gov/MARC21/slim"><record><leader>00452nam--2200133-i-4500</leader><controlfield tag="001">000007178</controlfield><controlfield tag="002">20161230</controlfield><controlfield tag="005">20161230201027</controlfield><controlfield tag="008">060222s1000------------r-----000-0-eng-d</controlfield><datafield ind1=" " ind2=" " tag="100"><subfield code="a">Alsmiller, F.S.,Barich J. And Alsmiller, R.G</subfield></datafield><datafield ind1=" " ind2=" " tag="245"><subfield code="a">Nucleon meson cascade calculations : trans verse shielding for a 45 gev electron  accele rator (part iv)</subfield></datafield><datafield ind1=" " ind2=" " tag="260"><subfield code="a">Oak Ridge, Oak Ridge National Laboratory 1965 Iii + 16 P</subfield></datafield><datafield ind1=" " ind2=" " tag="490"><subfield code="a">Ornl 3734</subfield></datafield><datafield ind1=" " ind2=" " tag="852"><subfield code="a">21371</subfield></datafield></record></collection>